@article{bic,
author =      "Gideon Schwarz",
title =       "Estimating the dimension of a model",
journal =     "Annals of Statistics",
year =        {1978},
volume =      {6},
number =	{2},
pages =       {461-464}
}
@article{Akaike1974,
author = {Akaike, H.},
title= {A new look at the statistical model identification},
year = {1974},
journal = {IEEE Transactions on Automatic Control},
volume = {19},
number = {6},
pages = {716-723},
}

@Book{Wibe:1971,
author = {Wiberg, D. M.},
title = {Schaum's Outline of Theory and Problems of State Space and Linear Systems},
publisher = {McGRAW-HILL},
year = {1971},
address = {New York},
}

@inproceedings{Tunn:2004,
author = {Tunnicliffe Wilson, G. and Morton, A. S.},
title = {Modelling Multiple Time Series: Achieving the Aims},
year = {2004},                                             
booktitle = {Proceedings in Computational Statistics, 2004},
editor={Antoch, Jaromir},
address={Physica Verlag, Heidelberg},
pages = {527-538}
}

@Book{Berg:1990,
author = {A. R. Bergstrom},
title = {Continuous Time Econometric Modeling},
year = {1990},
publisher = {Oxford University Press},
address={New York}
}

@Book{Doob:1953,
author = {Doob, J. L.},
title = {Stochastic Processes},
publisher = {John Wiley \& Sons},
year = {1953},
address = {New York},
}

@book{Durb:Koop:2001,
author = {Durbin, James and Koopman, S. J.},
title = {Time Series Analysis by State Space Methods},
year = {2001},
pages = {253},
address={Oxford},
publisher = {Oxford University Press}

}

@book{Harv:1990,
author = {Harvey, A. C.},
title = {Forecasting, Structural Time Series Models and the {K}alman Filter},
year = {1990},
pages = {554},
address={Cambridge},
publisher = {Cambridge University Press}
}

@book {Jenk:Watt:1968,
AUTHOR = {Jenkins, Gwilym M. and Watts, Donald G.},
TITLE = {Spectral Analysis and its Applications},
PUBLISHER = {Holden-Day},
ADDRESS = {San Francisco, California},
YEAR = {1968},
PAGES = {xviii+525},
MRCLASS = {62.85},
MRNUMBER = {37 \#6000},
MRREVIEWER = {George Weiss}
}

@inproceedings{Jone:1981,
author = {Jones, Richard H.},
title = {Fitting a Continuous Time Autoregression to Discrete Data},
year = {1981},
booktitle = {Applied Time Series Analysis II},
pages = {651--682}
}

@Article{Mole:Loan:2003,
author = {Moler, Cleve and Loan, Charles Van},
title = {Nineteen Dubious Ways to Compute the Exponential of a Matrix, Twenty-Five Years Later},
journal = {SIAM Review},
year = {2003},
volume = {45},
number = {1},
pages = {3-49},
note = {Society for Industrial and Applied Mathematics},
}

@Manual{Rcite,
title = {\proglang{R}: A Language and Environment for Statistical
Computing},
author       = {{\proglang{R} Development Core Team}},
organization = {\proglang{R} Foundation for Statistical Computing},
address   = {Vienna, Austria},
year   = {2011},
note    = {{ISBN} 3-900051-07-0},
url= {http://www.R-project.org}
}

@Manual{cts,
title = {\pkg{cts}: Continuous Time Autoregressive Models},
author = {Tunnicliffe Wilson, G. and Wang, Zhu},
year = {2011},
note = {\proglang{R} package version 1.0-9},
url          = {http://CRAN.R-project.org/package=cts}
}

@article{Belc:Hamp:Tunn:1994,
author = {Belcher, J. and Hampton, J. S. and Tunnicliffe Wilson, G.},
title = {Parameterization of Continuous Time Autoregressive Models for Irregularly Sampled Time Series Data},
year = {1994},
journal = {Journal of the Royal Statistical Society B},
volume = {56},
pages = {141--155},
keywords = {Transformation}
}
%editor={Imbrie, J. and Hays, J. and Kukla G. and Saltzman B.},
@InCollection{Shac:1984,
author = {Shackleton, N.J.},
editor={Imbrie, J. and Hays, J. and Kukla G. and Saltzman B.},
title = {The Orbital Theory of Pleistocene Climate: Support from a Revised Chronology of the Marine $\delta^{18}$O Records},
booktitle = {Milankovitch and Climate},
series = {part 1},
address = {Dordrecht},
publisher={Reidel},
year={1984},
pages={269-305}
}

@ARTICLE{Wang:Wood:Gray:2008,
author = {Wang, Zhu and Woodward, Wayne A. and Gray, Henry L.},
title = {The Application of the {K}alman Filter to Nonstationary Time Series                   
through Time Deformation},
journal = {Journal of Time Series Analysis},
year = {2009},
volume = {30},
pages = {559-574},
number = {5}
}                                                                

@PhdThesis{Wang:2004,
author = {Wang, Zhu},
title = {The Application of the Kalman Filter to Nonstationary Time Series through Time Deformation},
school = {Southern Methodist University},
year = {2004},
}

@article{Whit:2004,
author={Whitelock,P. A. and Feast,M. W. and Marang,F. and Breedt,E.},
year={2004},
title={The 2003 Shell Event in $\eta$ Carinae},
journal={Monthly Notices of the Royal Astronomical Society},
volume={352},
number={2},
pages={447-456}
}



